[gd_scene load_steps=11 format=2]

[ext_resource path="res://entities/enemies/drone/drone.gd" type="Script" id=1]
[ext_resource path="res://entities/enemies/drone/drone.escn" type="PackedScene" id=2]
[ext_resource path="res://weapons/guns/drone_gun/drone_gun.tscn" type="PackedScene" id=3]

[sub_resource type="BoxShape" id=1]
extents = Vector3( 1.56256, 0.716692, 1.34341 )

[sub_resource type="CylinderShape" id=2]
radius = 1.5
height = 12.0

[sub_resource type="Curve" id=3]
_data = [ Vector2( 0, 1 ), 0.0, 0.0, 0, 0, Vector2( 1, 0 ), 0.0, 0.0, 0, 0 ]

[sub_resource type="CurveTexture" id=4]
curve = SubResource( 3 )

[sub_resource type="ParticlesMaterial" id=5]
emission_shape = 2
emission_box_extents = Vector3( 1, 0, 0 )
flag_rotate_y = true
gravity = Vector3( 0, 0, 0 )
initial_velocity = 1.0
angular_velocity = 1.0
angular_velocity_random = 1.0
scale = 0.2
scale_curve = SubResource( 4 )

[sub_resource type="SpatialMaterial" id=6]
flags_transparent = true
flags_unshaded = true
albedo_color = Color( 0, 0.741176, 1, 0.0235294 )

[sub_resource type="CubeMesh" id=7]
material = SubResource( 6 )

[node name="Drone" type="KinematicBody"]
collision_layer = 2
collision_mask = 1031
script = ExtResource( 1 )
life = 2

[node name="Mesh" parent="." instance=ExtResource( 2 )]

[node name="CollisionShape" type="CollisionShape" parent="."]
transform = Transform( 1, 0, 0, 0, 1, 0, 0, 0, 1, 0, 0, -0.637388 )
shape = SubResource( 1 )

[node name="Gun" parent="." instance=ExtResource( 3 )]
transform = Transform( 1, 0, 0, 0, 1, 0, 0, 0, 1, 0, -1.02597, 0 )

[node name="Hitbox" type="Area" parent="."]

[node name="CollisionShape" type="CollisionShape" parent="Hitbox"]
transform = Transform( 1, 0, 0, 0, 1, 0, 0, 0, 1, 0, -6, -0.630183 )
shape = SubResource( 2 )

[node name="Particles" type="Particles" parent="."]
transform = Transform( -1, 0, -8.74228e-008, 0, 1, 0, 8.74228e-008, 0, -1, 0, 0, -2 )
amount = 16
local_coords = false
process_material = SubResource( 5 )
draw_pass_1 = SubResource( 7 )
