[gd_scene load_steps=7 format=2]

[ext_resource path="res://ui/box.png" type="Texture" id=1]
[ext_resource path="res://ui/minimap/minimap.gd" type="Script" id=2]
[ext_resource path="res://ui/minimap/minimap_tiles.gd" type="Script" id=3]
[ext_resource path="res://ui/minimap/marano.png" type="Texture" id=4]
[ext_resource path="res://ui/minimap/minimap_marano.gd" type="Script" id=5]
[ext_resource path="res://ui/minimap/light.png" type="Texture" id=6]

[node name="Frame" type="NinePatchRect"]
anchor_left = 1.0
anchor_right = 1.0
margin_left = -72.0
margin_bottom = 72.0
texture = ExtResource( 1 )
region_rect = Rect2( 0, 0, 9, 9 )
patch_margin_left = 4
patch_margin_top = 4
patch_margin_right = 4
patch_margin_bottom = 4
script = ExtResource( 2 )

[node name="ViewportContainer" type="ViewportContainer" parent="."]
anchor_right = 1.0
anchor_bottom = 1.0
margin_left = 4.0
margin_top = 4.0
margin_right = -4.0
margin_bottom = -4.0

[node name="Viewport" type="Viewport" parent="ViewportContainer"]
size = Vector2( 64, 64 )
transparent_bg = true
handle_input_locally = false
hdr = false
render_target_update_mode = 3

[node name="TileMap" type="TileMap" parent="ViewportContainer/Viewport"]
cell_size = Vector2( 8, 8 )
cell_clip_uv = true
format = 1
script = ExtResource( 3 )

[node name="Timer" type="Timer" parent="ViewportContainer/Viewport/TileMap"]
wait_time = 0.5

[node name="Marano" type="Sprite" parent="ViewportContainer/Viewport"]
texture = ExtResource( 4 )
script = ExtResource( 5 )

[node name="Light2D" type="Light2D" parent="ViewportContainer/Viewport/Marano"]
texture = ExtResource( 6 )
shadow_enabled = true

[node name="Camera2D" type="Camera2D" parent="ViewportContainer/Viewport/Marano"]
current = true
[connection signal="timeout" from="ViewportContainer/Viewport/TileMap/Timer" to="ViewportContainer/Viewport/TileMap" method="_on_timer_timeout"]
