[gd_scene load_steps=11 format=2]

[ext_resource path="res://levels/win/win.gd" type="Script" id=1]
[ext_resource path="res://levels/win/victory_royale.png" type="Texture" id=2]
[ext_resource path="res://ui/font.TTF" type="DynamicFontData" id=3]

[sub_resource type="BoxShape" id=1]
extents = Vector3( 32, 1, 18 )

[sub_resource type="SpatialMaterial" id=2]
emission_enabled = true
emission = Color( 0, 0, 0, 1 )
emission_energy = 1.0
emission_operator = 0
emission_on_uv2 = false
emission_texture = ExtResource( 2 )

[sub_resource type="QuadMesh" id=3]
material = SubResource( 2 )

[sub_resource type="DynamicFont" id=4]
size = 8
outline_size = 1
outline_color = Color( 1, 0, 0, 1 )
font_data = ExtResource( 3 )

[sub_resource type="DynamicFont" id=5]
outline_size = 1
outline_color = Color( 0, 0, 0, 1 )
font_data = ExtResource( 3 )

[sub_resource type="DynamicFont" id=6]
size = 8
outline_size = 1
outline_color = Color( 0, 0, 0, 1 )
font_data = ExtResource( 3 )

[sub_resource type="DynamicFont" id=7]
size = 8
outline_size = 1
outline_color = Color( 0, 0, 0, 1 )
font_data = ExtResource( 3 )

[node name="Win" type="Node"]
script = ExtResource( 1 )

[node name="StaticBody" type="StaticBody" parent="."]

[node name="CollisionShape" type="CollisionShape" parent="StaticBody"]
transform = Transform( 1, 0, 0, 0, 1, 0, 0, 0, 1, 0, -0.5, 0 )
shape = SubResource( 1 )

[node name="MeshInstance" type="MeshInstance" parent="."]
transform = Transform( 64, 0, 0, 0, -1.57361e-006, 1, 0, -36, -4.37114e-008, 0, 0, 0 )
mesh = SubResource( 3 )
material/0 = null

[node name="ColorRect" type="ColorRect" parent="."]
anchor_right = 1.0
anchor_bottom = 1.0
color = Color( 0.2, 0.113725, 0.231373, 1 )

[node name="RichTextLabel" type="RichTextLabel" parent="."]
anchor_right = 1.0
anchor_bottom = 1.0
custom_fonts/italics_font = SubResource( 4 )
custom_fonts/bold_font = SubResource( 5 )
custom_fonts/normal_font = SubResource( 6 )
bbcode_enabled = true
bbcode_text = "[center]










Habiendo matado a [i]Julian \"El big\" Capone[/i], el capo del barrio, Marano va en busca de un objetivo mayor.

Va a acabar con [i]Yamaguchi[/i], el lider de la mafia de Fuhanatoshi.
Va a hacer justicia.


[b]FIN[/b]











Gracias Por Jugar[/center]"
text = "










Habiendo matado a Julian \"El big\" Capone, el capo del barrio, Marano va en busca de un objetivo mayor.

Va a acabar con Yamaguchi, el lider de la mafia de Fuhanatoshi.
Va a hacer justicia.


FIN











Gracias Por Jugar"
scroll_active = false

[node name="Label" type="Label" parent="."]
anchor_right = 1.0
anchor_bottom = 1.0
custom_fonts/font = SubResource( 7 )
text = "presione R para reiniciar"
align = 2
